<?xml version="1.0" encoding="UTF-8"?><collection xmlns="http://www.loc.gov/MARC21/slim"><record><leader>00420nam--2200133-i-4500</leader><controlfield tag="001">000022565</controlfield><controlfield tag="002">20161230</controlfield><controlfield tag="005">20161230201034</controlfield><controlfield tag="008">060222s1000------------r-----000-0-eng-d</controlfield><datafield ind1=" " ind2=" " tag="080"><subfield code="a">539.12</subfield></datafield><datafield ind1=" " ind2=" " tag="100"><subfield code="a">Jauneau, L./S.A.</subfield></datafield><datafield ind1=" " ind2=" " tag="245"><subfield code="a">Properties. paper submitted to the international conference on elementary particles held at siena from 30th sept.to 5th oct., 1963</subfield></datafield><datafield ind1=" " ind2=" " tag="260"><subfield code="a">Meyrin, Cern, 1963, 7p.+4 Fig</subfield></datafield><datafield ind1=" " ind2=" " tag="852"><subfield code="a">23916</subfield></datafield></record></collection>